<record><leader>00000cas a2200000 a 4500</leader><controlfield tag="001">13920201</controlfield><controlfield tag="008">860723d18961925mnuwr ne      0    0eng d</controlfield><datafield ind1=" " ind2=" " tag="010"><subfield code="a">sn 86063392 </subfield></datafield><datafield ind1=" " ind2=" " tag="040"><subfield code="a">KSH</subfield><subfield code="b">eng</subfield><subfield code="c">KSH</subfield><subfield code="d">NPT</subfield><subfield code="d">MN#</subfield><subfield code="d">OCL</subfield><subfield code="d">OCLCQ</subfield><subfield code="d">OCLCF</subfield><subfield code="d">OCLCO</subfield></datafield><datafield ind1="1" ind2=" " tag="029"><subfield code="a">AU@</subfield><subfield code="b">000020435313</subfield></datafield><datafield ind1=" " ind2=" " tag="042"><subfield code="a">msc</subfield></datafield><datafield ind1=" " ind2=" " tag="043"><subfield code="a">n-us-mn</subfield></datafield><datafield ind1=" " ind2=" " tag="052"><subfield code="a">4144</subfield><subfield code="b">S44</subfield></datafield><datafield ind1=" " ind2=" " tag="052"><subfield code="a">4143</subfield><subfield code="b">N5</subfield></datafield><datafield ind1="0" ind2=" " tag="130"><subfield code="a">Saint Peter free press (Saint Peter, Minn. : 1894)</subfield></datafield><datafield ind1="1" ind2="0" tag="245"><subfield code="a">St. Peter free press.</subfield></datafield><datafield ind1="3" ind2="0" tag="246"><subfield code="a">Saint Peter free press</subfield></datafield><datafield ind1=" " ind2=" " tag="260"><subfield code="a">St. Peter, Minn. :</subfield><subfield code="b">H.C. Miller,</subfield><subfield code="c">1896-1925.</subfield></datafield><datafield ind1=" " ind2=" " tag="300"><subfield code="a">30 v.</subfield></datafield><datafield ind1=" " ind2=" " tag="310"><subfield code="a">Weekly</subfield></datafield><datafield ind1="0" ind2=" " tag="362"><subfield code="a">Vol. 2, no. 19 (May 2, 1896)-v. 31, no. 53 (Dec. 30, 1925).</subfield></datafield><datafield ind1=" " ind2=" " tag="530"><subfield code="a">Available on microfilm from the Minnesota Historical Society.</subfield></datafield><datafield ind1=" " ind2="0" tag="651"><subfield code="a">Saint Peter (Minn.)</subfield><subfield code="v">Newspapers.</subfield></datafield><datafield ind1=" " ind2="7" tag="655"><subfield code="a">Newspapers.</subfield><subfield code="2">fast</subfield><subfield code="0">(OCoLC)fst01423814</subfield></datafield><datafield ind1=" " ind2="7" tag="651"><subfield code="a">Minnesota</subfield><subfield code="z">Saint Peter.</subfield><subfield code="2">fast</subfield><subfield code="0">(OCoLC)fst01210984</subfield></datafield><datafield ind1=" " ind2=" " tag="752"><subfield code="a">United States</subfield><subfield code="b">Minnesota</subfield><subfield code="c">Nicollet</subfield><subfield code="d">Saint Peter.</subfield></datafield><datafield ind1="0" ind2="0" tag="780"><subfield code="t">Nicollet County independent</subfield><subfield code="w">(DLC)sn 91059230</subfield></datafield><datafield ind1="0" ind2="6" tag="780"><subfield code="t">Saint Peter tribune</subfield><subfield code="w">(DLC)sn 83016798</subfield></datafield><datafield ind1="0" ind2="4" tag="785"><subfield code="t">Saint Peter herald</subfield><subfield code="w">(DLC)sn 91059224</subfield></datafield></record>